@book{DoctrineChretienne,
	Author = {Augustin},
	Editor = {Madeleine Moreau},
	Entrysubtype = {traite},
	Series = {Biblioth√®que Augustinienne},
	Title = {De doctrina christiana},
	Translator = {Madeleine Moreau}}