@bookinbook{ContraFelix,
	Author = {Augustin},
	Booktitle = {Six traités anti-manichéens},
	Number = {17},
	Series = {Bibliothèque Augustinienne},
	Title = {Contra Felicem},
	Translator = {Régis Jolivet and Jourion, Maurice}}
