@article{Junod1992,
	Author = {Eric Junod},
	Entrysubtype = {etude},
	Journaltitle = {Apocrypha},
	Pages = {17-46},
	Title = {\enquote{Apocryphes du Nouveau Testament}
	 : une appellation erron√©e
	et une collection artificielle},
	Volume = {3},
	Year = {1992}}
