@book{HugoMiserable,
	title	={Les misérables},
	author	={Victor Marie Hugo}}
@book{HugoLegende,
	title	={La légende des siècles},
	author	={Hugo, Victor Marie}}
@book{DeGaulle,
	title	={Mémoires},
	author	={De Gaulle, Charles}}
@book{BeauvoirSexe,
	title	={Le Deuxième Sexe},
	author	={Simone de Beauvoir}}
@book{BeauvoirMemoires,
	title	={Mémoires d'une jeune fille rangée},
	author	={de Beauvoir, Simone}}
@book{Dumas,
	title	={La dame aux camélias},
	author	={Dumas, Fils, Alexandre}}
@book{Gregoire,
	title	={Histoire des Francs},
	author	={{Grégoire de Tours}}}

