@book{Saxer1980,
	Author = {Victor Saxer},
	Entrysubtype = {etude},
	Location = {Paris},
	Publisher = {Beauchesne},
	Subtitle = {Les témoignages de Tertullien, Cyprien
	et Augustin à la lumière de
	l'archéologie africaine},
	Title = {Morts, martyrs, reliques en Afrique chrétienne
	aux premiers siècles},
	Year = {1980}}
