@book{Urner1952,
	Author = {Urner, Hans},
	Title = {Die ausserbiblische Lesung 
	in Christlichen Gottesdienst},
	Location = {GÃ¶ttingen},
	Year = {1952}
}

