@book{DeDoctChr,
	Author = {Augustin},
	Editor = {Madeleine Moreau},
	Entrysubtype = {traite},
	Series = {Biblioth√®que Augustinienne},
	Title = {De doctrina christiana},
	Translator = {Madeleine Moreau}}


@book{DeDoctChrIIviii18-20,
	Crossref = {DeDoctChr},
	Pages = {150-155},
	Titleaddon = {II, \textsc{viii}, 12-13},
	}
