@inproceedings{clef1,
	Author = {Anne Onyme},
	Booktitle = {La sexualité d'Adam à Homo Technologicus},
	Editor = {Gérard Menvu},
	Title = {L'influence de LaTeX sur la reproduction des êtres
	humains},
	Year = {2011}}

@inproceedings{clef2,
	Author = {Jean Séniste},
	Booktitle = {La sexualité d'Adam à Homo Technologicus},
	Editor = {Gérard Menvu},
	Title = {L'arbre du paradis était-il un pêcher ?},
	Year = {2011}}
