@article{Gounelle2006,
	Author={Rémi Gounelle},
	Title={L'enfer selon
	l'\emph{Évangile de Nicodème}},
	Journal={Revue d'histoire et de philosophie religieuse},
	Year={2006},
	Volume={86},
	Number={3},
	Pages={313-333}
}