%% This BibTeX bibliography file was created using BibDesk.
%% http://bibdesk.sourceforge.net/


%% Created for Maïeul at 2011-10-10 15:30:44 +0200 


%% Saved with string encoding Unicode (UTF-8) 



@book{bloch,
	Author = {Marc Bloch},
	Date-Added = {2011-10-10 15:28:25 +0200},
	Date-Modified = {2011-10-10 15:30:43 +0200},
	Title = {Apologie pour l'histoire},
	Titleaddon = {III, \textsc{i}}}

@book{Sabins,
	Author = {Plutarque},
	Date-Added = {2011-10-10 15:27:07 +0200},
	Date-Modified = {2011-10-10 15:28:06 +0200},
	Title = {Romulus},
	Titleaddon = {XXVII},
	Translator = {Jacques Amyot}}

@book{AugustinSermo296,
	Author = {Augustin},
	Date-Added = {2011-09-21 13:11:27 +0200},
	Date-Modified = {2011-09-28 10:14:33 +0200},
	Entrysubtype = {sermon},
	Number = {38},
	Pages = {1356},
	Pagination = {column},
	Read = {1},
	Series = {Patrologia Latina},
	Shortseries = {PL},
	Title = {Sermon 296},
	Titleaddon = {§ 5-6},
	Usera = {1}}

@book{EdwardLear,
	Author = {Edward Lear},
	Date-Added = {2011-09-11 21:45:27 +0200},
	Date-Modified = {2011-09-11 21:45:27 +0200},
	Title = {There was a Young Lady of Ryde}}

@book{ConciliaAfricae,
	Date-Added = {2011-08-24 11:23:05 +0200},
	Date-Modified = {2011-08-24 11:23:05 +0200},
	Editor = {Charles Munier},
	Entrysubtype = {concile},
	Number = {149},
	Series = {Corpus Christianorum Series Latina},
	Shortseries = {CCSL},
	Sortname = {Anonyme},
	Title = {Concilia Africae},
	Usera = {1},
	Userb = {1}}

@book{romaneconti,
	Author = {Anne Sylvestre},
	Booktitle = {Les pierres dans mon jardin},
	Date-Added = {2011-06-23 18:20:16 +0200},
	Date-Modified = {2011-09-28 10:14:52 +0200},
	Title = {La romanée conti}}

@book{DoctrineChretienneDivision,
	Author = {Augustin},
	Date-Added = {2011-06-01 22:01:47 +0200},
	Date-Modified = {2011-06-01 22:03:19 +0200},
	Title = {De doctrina christiana},
	Titleaddon = {II, \textsc{viii}, 12-13}}

@bookinbook{BreveHippone,
	Crossref = {ConciliaAfricae},
	Date-Added = {2010-12-05 23:54:58 +0100},
	Date-Modified = {2011-04-25 23:37:49 +0200},
	Pages = {43},
	Title = {Breviarum Hipponenses},
	Titleaddon = {36},
	Usera = {1}}

@book{demain,
	Author = {Victor Hugo},
	Date-Added = {2011-06-23 17:26:25 +0200},
	Date-Modified = {2011-09-28 10:15:09 +0200},
	Title = {Demain dès l'aube …}}

@book{tucholsky,
	Author = {Kurt Tucholsky},
	Title = {Berliner Abend}}

@book{theodulf,
	Address = {Berlin},
	Author = {{Théodulf d'Orléans}},
	Booktitle = {Theodulfi Carmina},
	Date-Modified = {2011-10-06 12:44:27 +0200},
	Editor = {Ernst Dümmler},
	Pages = {437-581},
	Series = {Monumenta Germaniae Historica, Poetae latini aevi Carolini},
	Title = {Carmen LXXII},
	Usera = {1},
	Year = {1881}}

@bookinbook{eginhard,
	Address = {Paris},
	Author = {Éginhard},
	Booktitle = {Collection des mémoires relatifs à l'histoire de France},
	Date-Modified = {2011-10-02 20:17:21 +0200},
	Pages = {23},
	Publisher = {Brière},
	Title = {Annales},
	Titleaddon = {Année 781},
	Translator = {François Guizot},
	Year = {1824}}
